@article{FakePaper11,
	title = {{Double Brackets WiLL preserve cApItAlIzAtIoN}},
	author = {Guttenberg},
	journal = {Guttenberg Press},
	year = {2011},
	doi = {123.456.789},
	url = {http://www.examplelink.de}
}

@online{FakeWebPage11,
	author = {Guttenberg},
	urldate = {2011-11-11},
	year = {2011},
	month = {11},
	Title = {Video of Chuck Norris walking on water},
	url = {http://www.youtube.com/nonexistentlink}
}

@ARTICLE{272176,
	author={Getting, I.A.},
	journal={IEEE Spectrum}, 
	title={Perspective/navigation-The Global Positioning System}, 
	year={1993},
	volume={30},
	number={12},
	pages={36-38},
	doi={10.1109/6.272176}
}

@ARTICLE{1013999415003,
	author={Kumar, Sameer and Moore, Kevin B.},
	journal={Journal of Science Education and Technology}, 
	title={The Evolution of Global Positioning System GPS Technology}, 
	year={2002},
	volume={11},
	pages={59-80},
}

@article{fused_location_api,
	author={Google},
	title={Fused Location Provider API | Google for Developers},
	year={2023},
	url={https://developers.google.com/location-context/fused-location-provider?hl=de}
}